@Misc{hid-sp18-420-google-drive,
Title                    = {Python Quickstart},
Author                   = {Google Developers},
HowPublished    	 	 = {Web Page},
year                     = {2018},
TimeStamp                = {2018-04-11},
URL                      = {https://developers.google.com/drive/v3/web/quickstart/python},
}

@Misc{hid-sp18-420-amazon-S3,
Title                    = {Amazon S3},
Author                   = {Amazon},
HowPublished    		 = {Web Page},
year                     = {2018},
TimeStamp                = {2018-03-20},
URL                      = {https://aws.amazon.com/s3/},
}