
@Misc{hid-sp18-420-amazon-S3-FAQ,
Title                    = {Amazon S3 FAQs},
Author                   = {Amazon},
HowPublished    		   	 = {Web Page},
year                     = {2018},
TimeStamp                = {2018-03-20},
URL                      = {https://aws.amazon.com/s3/faqs/},
}

@Misc{hid-sp18-420-amazon-S3,
Title                    = {Amazon S3},
Author                   = {Amazon},
HowPublished    		   	 = {Web Page},
year                     = {2018},
TimeStamp                = {2018-03-20},
URL                      = {https://aws.amazon.com/s3/},
}

@Misc{hid-sp18-420-amazon-S3-dataTransfer-FAQ,
Title                    = {Amazon S3 Transfer Acceleration},
Author                   = {Amazon},
HowPublished	    	   	 = {Web Page},
year                     = {2018},
TimeStamp                = {2018-03-20},
URL                      = {https://aws.amazon.com/s3/faqs/#s3ta},
}
@Misc{hid-sp18-420-amazon-S3-cloud-migration,
Title                    = {Cloud data migration},
Author                   = {Amazon},
HowPublished	    	  	 = {Web Page},
year                     = {2018},
TimeStamp                = {2018-03-20},
URL                      = {https://aws.amazon.com/cloud-data-migration/},
}
@Misc{hid-sp18-420-amazon-S3-data-encryption,
Title                    = {Protecting Data Using Encryption},
Author                   = {Amazon},
HowPublished			       = {Web Page},
year                     = {2018},
TimeStamp                = {2018-03-20},
URL                      = {https://docs.aws.amazon.com/AmazonS3/latest/dev/serv-side-encryption.html},
}
@Misc{hid-sp18-420-amazon-S3-lidecycle-rule,
Title                    = {Amazon S3 Life Cycle Management},
Author                   = {Amazon},
HowPublished		         = {Web Page},
year                     = {2018},
TimeStamp                = {2018-03-20},
URL                      = {https://docs.aws.amazon.com/AmazonS3/latest/dev/object-lifecycle-mgmt.html},
}

@Misc{hid-sp18-420-amazon-S3-pricing,
Title                    = {Amazon S3 Pricing},
Author                   = {Amazon},
HowPublished		         = {Web Page},
year                     = {2018},
TimeStamp                = {2018-03-20},
URL                      = {https://aws.amazon.com/s3/pricing/}
}



@Misc{hid-sp18-420-amazon-snowball,
Title                    = {Amazon snowball},
Author                   = {Amazon},
HowPublished		         = {Web Page},
year                     = {2018},
TimeStamp                = {2018-03-20},
URL                      = {https://aws.amazon.com/snowball/}
}

@Misc{hid-sp18-420-amazon-snowball-edge,
Title                    = {Amazon snowball edge},
Author                   = {Amazon},
HowPublished		         = {Web Page},
year                     = {2018},
TimeStamp                = {2018-03-20},
URL                      = {https://aws.amazon.com/snowball-edge/}
}


@Misc{hid-sp18-420-amazon-snowmobile,
Title                    = {Amazon Snowmobile},
Author                   = {Amazon},
HowPublished		         = {Web Page},
year                     = {2018},
TimeStamp                = {2018-03-20},
URL                      = {https://aws.amazon.com/snowmobile/}
}

@Misc{hid-sp18-420-amazon-cloudfront,
Title                    = {Amazon Cloud Front},
Author                   = {Amazon},
HowPublished		         = {Web Page},
year                     = {2018},
TimeStamp                = {2018-03-20},
URL                      = {https://aws.amazon.com/cloudformation/}
}

@Misc{hid-sp18-420-amazon-glacier,
Title                    = {Amazon Glacier},
Author                   = {Amazon},
HowPublished		         = {Web Page},
year                     = {2018},
TimeStamp                = {2018-03-20},
URL                      = {https://aws.amazon.com/glacier/}
}
